@INPROCEEDINGS{ros,
  author = {{Morgan Quigley and Brian Gerkey and Ken Conley and Josh Faust and Tully Foote and Jeremy Leibs and Eric Berger and Rob Wheeler and Andrew Ng}},
  title = {{ROS: an open-source Robot Operating System}},
  booktitle = {ICRA Workshop on Open Source Software},
  year = {2009},
}

@INPROCEEDINGS{voltron,
  author = {{Luca Mottola and Mattia Moretta and Kamin Whitehouse and Carlo Ghezzi}},
  title = {{Team-level Programming of Drone Sensor Network}},
  booktitle = {SenSys '14 Proceedings of the 12th ACM Conference on Embedded Network Sensor Systems},
  year = {2014},
  pages = {177-190},
  publisher = {ACM},
  isbn = {978-1-4503-3143-2}
}

@INPROCEEDINGS{karma,
  author = {{Karthik Dantu and Bryan Kate and Jason Waterman and Peter Bailis and Matt Welsh}},
  title = {{Programming Micro-Aerial Vehicle Swarms With Karma}},
  booktitle = {SenSys '11 Proceedings of the 9th ACM Conference on Embedded Networked Sensor Systems},
  year = {2011},
  pages = {121-134},
  publisher = {ACM},
  isbn = {978-1-4503-0718-5}
}


@INPROCEEDINGS{proto,
author = {{Jonathan Bachrach and Jacob Beal and James McLurkin}},
title = {{Composable continuous-space programs for robotic swarms}},
booktitle = {{Neural Computing and Applications}},
year = {2010},
pages = {825-847},
publisher = {ACM, IEEE}
}


@INPROCEEDINGS{medium,
author = {{Jacob Beal}},
title = {{Programming an amorphous computational medium}},
booktitle = {Unconventional Programming Paradigms},
year = {2005},
pages = {97-97},
publisher = {Springer Berlin}
}

@BOOK{alfalfa,
author = {{Keith S. Delaplane and Daniel F. Mayer}},
title = {{Crop Pollination by Bees}},
year = {2000},
publisher = {CABI New York}
}

@INPROCEEDINGS{putti,
author = {{F. Nex and F. Remondingl}},
title = {{UAV for 3D mapping applications: A review}},
booktitle = {Applied Geomatics},
year = {2003},
publisher = {Springer}
}

@INPROCEEDINGS{pursue,
author = {{J. Villasenorl}},
title = {{Observations from above: Unmanned Aircraft Systems}},
booktitle = {Harvard Journal of Law and Public Policy},
year = {2012}
}

@INPROCEEDINGS{pm10,
author = {{U.S. Environmental Protection Agencyl}},
title = {{Air Pollutants}},
booktitle = {goo.gl/stvh8}

}

@INPROCEEDINGS{swarm,
author = {{M. Brambilla et al.}},
title = {{A review from the swarm engineering perspective}},
booktitle = {Swarm Intelligence},
year = {2013}
}

@INPROCEEDINGS{irobot,
author = {{iRobot}},
title = {{Create Programmable Robot}},
booktitle = {goo.gl/bJhrMR}
}


@INPROCEEDINGS{colony,
author = {{E. Stokstad}},
title = {{The Case of the Empty Hives}},
booktitle = {Science},
year = {2007},
isbn = {316(5827):970â€“972}
}

@INPROCEEDINGS{submarine,
author = {{CNN.com}},
title = {{Your personal 849 dollars underwater drone}},
booktitle = {goo.gl/m1JRuD}
}




